Movimientos del Día

Cuenta Corriente en Pesos Nro. 286-005920/0

Fecha	Suc. Origen	Desc. Sucursal	Cod. Operativo	Referencia	Concepto	Importe Pesos	Saldo Pesos	
27/10/2014	0286	Trelew	1737	000014246	Regimen De Recaudacion Sircreb O  - 30708425067 	(1.183,94)	0,00
28/10/2014	0286	Trelew	0133	000003459	Clearing Recibido 48 Hs 	(9.637,70)	0,00
28/10/2014	0286	Trelew	0133	000003443	Clearing Recibido 48 Hs 	(9.232,11)	0,00
28/10/2014	0286	Trelew	0133	000003437	Clearing Recibido 48 Hs 	(8.641,93)	0,00
28/10/2014	0286	Trelew	0133	000003420	Clearing Recibido 48 Hs 	(7.467,14)	0,00
28/10/2014	0286	Trelew	0133	000003353	Clearing Recibido 48 Hs 	(6.780,05)	0,00
28/10/2014	0286	Trelew	0133	000003436	Clearing Recibido 48 Hs 	(3.945,17)	0,00
28/10/2014	0286	Trelew	0133	000003451	Clearing Recibido 48 Hs 	(3.421,28)	0,00
Saldo al 28/10/2014 509.972,46

28/10/2014 14:51:38


Últimos Movimientos

Cuenta Corriente en Pesos Nro. 286-005920/0

Fecha	Suc. Origen	Desc. Sucursal	Cod. Operativo	Referencia	Concepto	Importe Pesos	Saldo Pesos	
27/10/2014	0286	Trelew	4633	000014238	Imp Ley 25413 Deb 0,6% 	(14,66)	560.281,78
27/10/2014	0286	Trelew	4637	000014237	Imp Ley 25413 Cred 0,6% 	(546,44)	560.296,44
27/10/2014	0000	Casa Central	0214	000011484	Transf. Entre Terceros S.n.p.  - Rodriguez David 23102261259 Var 1 	1.387,74	560.842,88
27/10/2014	0000	Casa Central	0564	037904238	Transferencia Por Sistema Mep  - Cuit: 30707421041 - Cbu: 0340250600900001610009 - R.soc.: 	78.528,21	559.455,14
27/10/2014	0286	Trelew	2377	005088296	Pago Proveedores Interbanking Exte  - Pelama Chubut Sa 30613740070 03 5088296 	11.014,37	480.926,93
27/10/2014	0286	Trelew	2602	022639710	Pago A Comercios Visa 	141,24	469.912,56
27/10/2014	0286	Trelew	0827	000038266	Pago Cci 24hs No Gravada Interbank  - A Cbu 0830001014000010710004 	(5.000,00)	469.771,32
27/10/2014	0286	Trelew	0133	000003470	Clearing Recibido 48 Hs 	(1.036,88)	474.771,32
24/10/2014	0286	Trelew	1737	000014231	Regimen De Recaudacion Sircreb O  - 30708425067 	(1.406,19)	475.808,20
24/10/2014	0286	Trelew	4633	000014229	Imp Ley 25413 Deb 0,6% 	(511,56)	477.214,39
24/10/2014	0286	Trelew	4637	000014228	Imp Ley 25413 Cred 0,6% 	(649,97)	477.725,95
24/10/2014	0000	Casa Central	0216	000011610	Pago A Proveedores Recibido  - Coop Elec S C B 30545721089 Var Varios 	43.268,75	478.375,92
24/10/2014	0000	Casa Central	4712	009917011	Pago Afip Servicio Interbanking  - Recaudaciones Afip Tef Electr 30-50000845 14 9917011 	(5.477,31)	435.107,17
24/10/2014	0286	Trelew	4712	009916936	Pago Afip Servicio Interbanking  - Recaudaciones Afip Tef Electr 30-50000845 14 9916936 	(18.055,76)	440.584,48
24/10/2014	0286	Trelew	4712	009916782	Pago Afip Servicio Interbanking  - Recaudaciones Afip Tef Electr 30-50000845 14 9916782 	(2.387,38)	458.640,24
24/10/2014	0000	Casa Central	4712	009916691	Pago Afip Servicio Interbanking  - Recaudaciones Afip Tef Electr 30-50000845 14 9916691 	(42.877,21)	461.027,62
24/10/2014	0286	Trelew	3254	000014222	Iva Tasa General 	(0,53)	503.904,83
24/10/2014	0286	Trelew	0434	000014221	Com Transf A Otros Bancos Canales 	(2,50)	503.905,36
24/10/2014	0286	Trelew	3254	000014220	Iva Tasa General 	(56,01)	503.907,86
24/10/2014	0286	Trelew	0960	000014219	Comision Procesamiento Ch Dep Cfu 	(266,70)	503.963,87
24/10/2014	0286	Trelew	0133	000003469	Clearing Recibido 48 Hs 	(12.728,70)	504.230,57
24/10/2014	0286	Trelew	0133	000003461	Clearing Recibido 48 Hs 	(3.409,97)	516.959,27
24/10/2014	0286	Trelew	0872	002000223	Valor Al Cobro Comp Elect Otra Loc 	32.000,00	520.369,24
24/10/2014	0286	Trelew	0871	002000223	Valor Al Cobro Comp Elect Prop Loc 	32.900,00	488.369,24
24/10/2014	0000	Casa Central	4805	000004696	Transferencias Inmediatas  - Originante Delgado/americo 14234147 	160,00	455.469,24
23/10/2014	0286	Trelew	4633	000014214	Imp Ley 25413 Deb 0,6% 	(194,20)	455.309,24
23/10/2014	0286	Trelew	9633	000014213	Anulacion Imp Ley 25413 Deb 0,6% 	5,06	455.503,44
23/10/2014	0286	Trelew	0824	000030954	Pago Cci 24hs Gravada Interbanking  - A Cbu 1910093355009300139546 	(20.178,27)	455.498,38
23/10/2014	0286	Trelew	1252	000002310	Debito Transf. Online Banking Emp  - A Cta 0286-007003643217 Ars 	(4.550,00)	475.676,65
23/10/2014	0286	Trelew	0133	000003400	Clearing Recibido 48 Hs 	(6.573,95)	480.226,65
22/10/2014	0286	Trelew	1737	000014209	Regimen De Recaudacion Sircreb O  - 30708425067 	(1.064,61)	486.800,60
22/10/2014	0286	Trelew	6737	000014208	Anul Regimen Recaudacion Sircreb O  - 30708425067 	843,70	487.865,21
22/10/2014	0286	Trelew	4637	000014206	Imp Ley 25413 Cred 0,6% 	(491,37)	487.021,51
22/10/2014	0286	Trelew	4633	000014205	Imp Ley 25413 Deb 0,6% 	(2,55)	487.512,88
22/10/2014	0286	Trelew	9637	000014204	Anulacion Imp Ley 25413 Cred 0,6% 	389,40	487.515,43
22/10/2014	0286	Trelew	0108	027365388	Ch. Rechazados Cargo Otros Bancos 	(22.000,00)	487.126,03
22/10/2014	0286	Trelew	0108	027140907	Ch. Rechazados Cargo Otros Bancos 	(10.900,00)	509.126,03
22/10/2014	0286	Trelew	0108	011991068	Ch. Rechazados Cargo Otros Bancos 	(32.000,00)	520.026,03
22/10/2014	0286	Trelew	3254	000014199	Iva Tasa General 	(64,42)	552.026,03
22/10/2014	0286	Trelew	0960	000014198	Comision Procesamiento Ch Dep Cfu 	(306,75)	552.090,45
22/10/2014	0286	Trelew	0872	002000223	Valor Al Cobro Comp Elect Otra Loc 	32.000,00	552.397,20
22/10/2014	0286	Trelew	0871	002000223	Valor Al Cobro Comp Elect Prop Loc 	46.251,02	520.397,20
22/10/2014	0286	Trelew	0866	002000223	Cheq Camara Federal Elect Interior 	3.642,69	474.146,18
21/10/2014	0286	Trelew	1737	000014200	Regimen De Recaudacion Sircreb O  - 30708425067 	(53,64)	470.503,49
21/10/2014	0286	Trelew	4637	000014194	Imp Ley 25413 Cred 0,6% 	(24,76)	470.557,13
21/10/2014	0286	Trelew	4633	000014193	Imp Ley 25413 Deb 0,6% 	(265,20)	470.581,89
21/10/2014	0286	Trelew	1257	014486938	Credito Transf Por Online Banking  - Pagani Matias Alejandro 20337724028 Var Var 	4.126,00	470.847,09
21/10/2014	0286	Trelew	0133	000003405	Clearing Recibido 48 Hs 	(31.329,55)	466.721,09
21/10/2014	0286	Trelew	0133	000003435	Clearing Recibido 48 Hs 	(6.500,00)	498.050,64
21/10/2014	0286	Trelew	0133	000003434	Clearing Recibido 48 Hs 	(5.141,75)	504.550,64
20/10/2014	0286	Trelew	1737	000014191	Regimen De Recaudacion Sircreb O  - 30708425067 	(1.228,09)	509.692,39
20/10/2014	0286	Trelew	4633	000014187	Imp Ley 25413 Deb 0,6% 	(255,11)	510.920,48
20/10/2014	0286	Trelew	4637	000014186	Imp Ley 25413 Cred 0,6% 	(566,82)	511.175,59
20/10/2014	0085	San Martin	0150	000003395	Canje Interno Recibido 24 Hs 	(31.640,12)	511.742,41
20/10/2014	0016	Barracas	0150	000003411	Canje Interno Recibido 24 Hs 	(10.457,40)	543.382,53
20/10/2014	0286	Trelew	2377	000202788	Pago Proveedores Interbanking Exte  - Smart Clean Srl 30711007462 03 0202788 	9.115,22	553.839,93
20/10/2014	0000	Casa Central	4085	000023447	Colven Sa 4980 	(286,77)	544.724,71
20/10/2014	0286	Trelew	2602	022639710	Pago A Comercios Visa 	464,66	545.011,48
20/10/2014	0286	Trelew	3254	000014180	Iva Tasa General 	(23,48)	544.546,82
20/10/2014	0286	Trelew	0960	000014179	Comision Procesamiento Ch Dep Cfu 	(111,80)	544.570,30
20/10/2014	0286	Trelew	0872	002000138	Valor Al Cobro Comp Elect Otra Loc 	17.579,53	544.682,10
20/10/2014	0286	Trelew	0871	002000138	Valor Al Cobro Comp Elect Prop Loc 	6.500,00	527.102,57
20/10/2014	0286	Trelew	0865	002000138	Cheque 48 Hs Comp Elect Cam Local 	60.809,33	520.602,57
17/10/2014	0286	Trelew	4633	000014175	Imp Ley 25413 Deb 0,6% 	(179,83)	459.793,24
17/10/2014	0000	Casa Central	4085	000000688	Berkley Int Seg 121-04-07738559-0 	(1.734,00)	459.973,07
17/10/2014	0286	Trelew	0133	000003417	Clearing Recibido 48 Hs 	(11.142,87)	461.707,07
17/10/2014	0286	Trelew	0133	000003256	Clearing Recibido 48 Hs 	(9.615,14)	472.849,94
17/10/2014	0286	Trelew	0133	000003419	Clearing Recibido 48 Hs 	(7.467,14)	482.465,08
16/10/2014	0286	Trelew	1737	000014174	Regimen De Recaudacion Sircreb O  - 30708425067 	(14,16)	489.932,22
16/10/2014	0286	Trelew	4637	000014169	Imp Ley 25413 Cred 0,6% 	(6,53)	489.946,38
16/10/2014	0286	Trelew	4633	000014168	Imp Ley 25413 Deb 0,6% 	(342,26)	489.952,91
16/10/2014	0000	Casa Central	0150	000002999	Canje Interno Recibido 24 Hs 	(9.346,65)	490.295,17
16/10/2014	0000	Casa Central	4762	000035354	Transf. Entre Terceros S.n.p.  - Industrias Quim 30708425067 Var 89926700307 	50.000,00	499.641,82
16/10/2014	0286	Trelew	0824	000049245	Pago Cci 24hs Gravada Interbanking  - A Cbu 0340010400102363674006 	(2.823,61)	449.641,82
16/10/2014	0286	Trelew	0824	000049244	Pago Cci 24hs Gravada Interbanking  - A Cbu 0830004121000043184889 	(1.000,00)	452.465,43
16/10/2014	0286	Trelew	2377	000201054	Pago Proveedores Interbanking Exte  - Congeladores Patagonicos S.a. 30670511770 03 0201054 	1.089,00	453.465,43
16/10/2014	0000	Casa Central	4085	000066480	Afip 30708425067 	(8.777,25)	452.376,43
16/10/2014	0286	Trelew	2574	022639710	Pago A Comercios Visa 	(286,77)	461.153,68
16/10/2014	0286	Trelew	0133	000003456	Clearing Recibido 48 Hs 	(29.126,35)	461.440,45
16/10/2014	0286	Trelew	0133	000003447	Clearing Recibido 48 Hs 	(2.989,03)	490.566,80
16/10/2014	0286	Trelew	0133	000003463	Clearing Recibido 48 Hs 	(2.694,97)	493.555,83
15/10/2014	0286	Trelew	4633	000014157	Imp Ley 25413 Deb 0,6% 	(354,62)	496.250,80
15/10/2014	0123	Av. Maipu	0150	000003432	Canje Interno Recibido 24 Hs 	(9.668,75)	496.605,42
15/10/2014	0286	Trelew	0824	000044712	Pago Cci 24hs Gravada Interbanking  - A Cbu 0170462820000000119696 	(3.055,25)	506.274,17
15/10/2014	0286	Trelew	1252	000000003	Debito Transf. Online Banking Emp  - A Cta 0313-007003208920 Ars 	(1.925,00)	509.329,42
15/10/2014	0286	Trelew	1325	079862599	Visa  - Por Deb:15/10/2014 Part 000000000179862599 	(7.043,81)	511.254,42
15/10/2014	0286	Trelew	0133	000003425	Clearing Recibido 48 Hs 	(20.078,27)	518.298,23
15/10/2014	0286	Trelew	0133	000003421	Clearing Recibido 48 Hs 	(11.232,56)	538.376,50
15/10/2014	0286	Trelew	0133	000003423	Clearing Recibido 48 Hs 	(5.326,22)	549.609,06
15/10/2014	0286	Trelew	0133	000003454	Clearing Recibido 48 Hs 	(774,00)	554.935,28
14/10/2014	0286	Trelew	4633	000014148	Imp Ley 25413 Deb 0,6% 	(245,81)	555.709,28
14/10/2014	0286	Trelew	0133	000003408	Clearing Recibido 48 Hs 	(31.330,00)	555.955,09
14/10/2014	0286	Trelew	0133	000003458	Clearing Recibido 48 Hs 	(9.637,70)	587.285,09
10/10/2014	0286	Trelew	4637	000014145	Imp Ley 25413 Cred 0,6% 	(600,00)	596.922,79
10/10/2014	0000	Casa Central	4805	000366237	Transferencias Inmediatas  - Originante 30999254973 	100.000,00	597.522,79
09/10/2014	0286	Trelew	4633	000014143	Imp Ley 25413 Deb 0,6% 	(0,03)	497.522,79
08/10/2014	0286	Trelew	1737	000014142	Regimen De Recaudacion Sircreb O  - 30708425067 	(4,74)	497.522,82
08/10/2014	0286	Trelew	4637	000014141	Imp Ley 25413 Cred 0,6% 	(2,19)	497.527,56
08/10/2014	0286	Trelew	4633	000014140	Imp Ley 25413 Deb 0,6% 	(190,78)	497.529,75
08/10/2014	0286	Trelew	0308	000003214	Cheque Pagador Por Caja  - Millatru Ricardo Ceferino 	(6.970,04)	497.720,53
08/10/2014	0286	Trelew	3254	000014137	Iva Tasa General 	(0,53)	504.690,57
08/10/2014	0286	Trelew	0434	000014136	Com Transf A Otros Bancos Canales 	(2,50)	504.691,10
08/10/2014	0286	Trelew	2602	022639710	Pago A Comercios Visa 	364,69	504.693,60
08/10/2014	0286	Trelew	0133	000003393	Clearing Recibido 48 Hs 	(20.267,50)	504.328,91
08/10/2014	0286	Trelew	0133	000003430	Clearing Recibido 48 Hs 	(4.516,33)	524.596,41
07/10/2014	0286	Trelew	1737	000014138	Regimen De Recaudacion Sircreb O  - 30708425067 	(39,12)	529.112,74
07/10/2014	0286	Trelew	4633	000014132	Imp Ley 25413 Deb 0,6% 	(524,67)	529.151,86
07/10/2014	0286	Trelew	4637	000014131	Imp Ley 25413 Cred 0,6% 	(18,06)	529.676,53
07/10/2014	0286	Trelew	2676	060069142	Debito Para Pago De Haberes  - A Cta 0286-007003668658 Ars 	(16.000,00)	529.694,59
07/10/2014	0286	Trelew	0824	000006779	Pago Cci 24hs Gravada Interbanking  - A Cbu 0070004720000011562195 	(28.986,46)	545.694,59
07/10/2014	0286	Trelew	2377	000615647	Pago Proveedores Interbanking Exte  - Food Partners Patagonia Sa 30711872856 03 0615647 	3.009,21	574.681,05
07/10/2014	0000	Casa Central	4085	000003893	Berkley Int Seg 121-04-07738559-0 	(1.386,00)	571.671,84
07/10/2014	0286	Trelew	0133	000003409	Clearing Recibido 48 Hs 	(13.235,88)	573.057,84
07/10/2014	0286	Trelew	0133	000003446	Clearing Recibido 48 Hs 	(11.492,60)	586.293,72
07/10/2014	0286	Trelew	0133	000002998	Clearing Recibido 48 Hs 	(9.346,65)	597.786,32
07/10/2014	0286	Trelew	0133	000003428	Clearing Recibido 48 Hs 	(6.995,28)	607.132,97
06/10/2014	0286	Trelew	4637	000014122	Imp Ley 25413 Cred 0,6% 	(1.081,46)	614.128,25
06/10/2014	0286	Trelew	4633	000014121	Imp Ley 25413 Deb 0,6% 	(151,59)	615.209,71
06/10/2014	0000	Casa Central	4805	000363524	Transferencias Inmediatas  - Originante 30999254973 	140.667,99	615.361,30
06/10/2014	0000	Casa Central	4805	000363523	Transferencias Inmediatas  - Originante 30999254973 	36.849,34	474.693,31
06/10/2014	0000	Casa Central	4805	000297889	Transferencias Inmediatas  - Originante 20165913052 	2.724,72	437.843,97
06/10/2014	0286	Trelew	0133	000003383	Clearing Recibido 48 Hs 	(12.115,56)	435.119,25
06/10/2014	0286	Trelew	0133	000003413	Clearing Recibido 48 Hs 	(11.728,64)	447.234,81
03/10/2014	0286	Trelew	1737	000014117	Regimen De Recaudacion Sircreb O  - 30708425067 	(1.421,80)	458.963,45
03/10/2014	0286	Trelew	4633	000014114	Imp Ley 25413 Deb 0,6% 	(783,50)	460.385,25
03/10/2014	0286	Trelew	4637	000014113	Imp Ley 25413 Cred 0,6% 	(656,22)	461.168,75
03/10/2014	0000	Casa Central	4762	000017221	Transf. Entre Terceros S.n.p.  - Industrias Quim 30708425067 Var 83932900307 	45.104,00	461.824,97
03/10/2014	0000	Casa Central	0216	000017220	Pago A Proveedores Recibido  - Coop Elec S C B 30545721089 Var Varios 	45.239,50	416.720,97
03/10/2014	0286	Trelew	2676	060069142	Debito Para Pago De Haberes  - A Cta 0286-007003250662 Ars 	(5.242,00)	371.481,47
03/10/2014	0286	Trelew	2676	060069142	Debito Para Pago De Haberes  - A Cta 0286-007003249521 Ars 	(6.553,00)	376.723,47
03/10/2014	0286	Trelew	2676	060069142	Debito Para Pago De Haberes  - A Cta 0286-007003249538 Ars 	(6.553,00)	383.276,47
03/10/2014	0286	Trelew	2676	060069142	Debito Para Pago De Haberes  - A Cta 0286-007003248757 Ars 	(6.442,00)	389.829,47
03/10/2014	0286	Trelew	2676	060069142	Debito Para Pago De Haberes  - A Cta 0286-007003245949 Ars 	(6.611,00)	396.271,47
03/10/2014	0286	Trelew	2676	060069142	Debito Para Pago De Haberes  - A Cta 0286-007003669613 Ars 	(6.555,00)	402.882,47
03/10/2014	0286	Trelew	2676	060069142	Debito Para Pago De Haberes  - A Cta 0286-007003643217 Ars 	(16.434,00)	409.437,47
03/10/2014	0286	Trelew	2676	060069142	Debito Para Pago De Haberes  - A Cta 0286-007003572883 Ars 	(9.668,00)	425.871,47
03/10/2014	0286	Trelew	2676	060069142	Debito Para Pago De Haberes  - A Cta 0286-007003572821 Ars 	(10.556,00)	435.539,47
03/10/2014	0286	Trelew	2602	022639710	Pago A Comercios Visa 	826,51	446.095,47
03/10/2014	0286	Trelew	0133	000003455	Clearing Recibido 48 Hs 	(29.126,36)	445.268,96
03/10/2014	0286	Trelew	0133	000003392	Clearing Recibido 48 Hs 	(20.267,50)	474.395,32
03/10/2014	0286	Trelew	0133	000003399	Clearing Recibido 48 Hs 	(6.573,95)	494.662,82
03/10/2014	0286	Trelew	0866	016000128	Cheq Camara Federal Elect Interior 	13.588,56	501.236,77
03/10/2014	0286	Trelew	0865	016000128	Cheque 48 Hs Comp Elect Cam Local 	49.715,61	487.648,21
02/10/2014	0286	Trelew	4633	000014095	Imp Ley 25413 Deb 0,6% 	(0,88)	437.932,60
02/10/2014	0286	Trelew	4637	000014094	Imp Ley 25413 Cred 0,6% 	(22,40)	437.933,48
02/10/2014	0000	Casa Central	4762	000016106	Transf. Entre Terceros S.n.p.  - Industrias Quim 30708425067 Var 82810600307 	50.000,00	437.955,88
02/10/2014	0286	Trelew	3254	000014092	Iva Tasa General 	(12,60)	387.955,88
02/10/2014	0286	Trelew	3627	000014091	Comision Cheq Personalizadas 	(60,00)	387.968,48
02/10/2014	0286	Trelew	3254	000014090	Iva Tasa General 	(12,60)	388.028,48
02/10/2014	0286	Trelew	3627	000014089	Comision Cheq Personalizadas 	(60,00)	388.041,08
02/10/2014	0000	Casa Central	4805	000362466	Transferencias Inmediatas  - Originante 20135380556 	3.732,61	388.101,08
01/10/2014	0286	Trelew	4633	000014087	Imp Ley 25413 Deb 0,6% 	(517,89)	384.368,47
01/10/2014	0000	Casa Central	4762	000017191	Transf. Entre Terceros S.n.p.  - Industrias Quim 30708425067 Var 82236100307 	50.000,00	384.886,36
01/10/2014	0286	Trelew	4712	007740346	Pago Afip Servicio Interbanking  - Recaudaciones Afip Tef Electr 30-50000845 14 7740346 	(39.302,74)	334.886,36
01/10/2014	0286	Trelew	0133	000003407	Clearing Recibido 48 Hs 	(21.459,00)	374.189,10
01/10/2014	0286	Trelew	0133	000003415	Clearing Recibido 48 Hs 	(10.801,88)	395.648,10
01/10/2014	0286	Trelew	0133	000003418	Clearing Recibido 48 Hs 	(7.467,15)	406.449,98
01/10/2014	0286	Trelew	0133	000003386	Clearing Recibido 48 Hs 	(6.875,43)	413.917,13
01/10/2014	0286	Trelew	0133	000003453	Clearing Recibido 48 Hs 	(410,00)	420.792,56
Saldo al 27/10/2014 560.281,78

28/10/2014 14:51:38